@article{wylot2018,
  author = {Wylot, Marcin and Cudré-Mauroux, Philippe},
  title = {RDF Data Storage and Query Processing Schemes: A Survey},
  journal = {ACM Computing Surveys},
  year = {2018}
}

@article{berners2001semantic,
  author    = {Tim Berners-Lee and James Hendler and Ora Lassila},
  title     = {The Semantic Web},
  journal   = {Scientific American},
  volume    = {284},
  number    = {5},
  pages     = {34--43},
  year      = {2001}
}

@article{hogan2021knowledge,
  author    = {Aidan Hogan and Eva Blomqvist and Michael Cochez and Claudia d’Amato and Gerard de Melo and Claudio Gutierrez and Jos\'e Emilio Labra Gayo and Sabrina Kirrane and Sebastian Neumaier and Axel Polleres and et al.},
  title     = {Knowledge graphs},
  journal   = {ACM Computing Surveys (CSUR)},
  volume    = {54},
  number    = {4},
  pages     = {1--37},
  year      = {2021}
}

@book{kemper2022datenbanksysteme,
  author    = {Alfons Kemper and André Eickler},
  title     = {Datenbanksysteme: Eine Einführung},
  edition   = {11},
  publisher = {De Gruyter Oldenbourg},
  year      = {2022}
}

@article{selinger1979access,
  author    = {Patricia G. Selinger and Morton M. Astrahan and Donald D. Chamberlin and Raymond A. Lorie and Thomas G. Price},
  title     = {Access path selection in a relational database management system},
  journal   = {ACM SIGMOD Record},
  volume    = {9},
  number    = {2},
  pages     = {23--34},
  year      = {1979}
}

@article{antonellini2015owl,
  author = {Antonellini, Daniele and Poggi, Agnese and Rosati, Riccardo},
  title = {OWL and SPARQL: From Theory to Practice},
  journal = {Semantic Web Journal},
  volume = {6},
  number = {4},
  pages = {361--375},
  year = {2015}
}
@article{antoniou2004web,
  author = {Antoniou, Grigoris and van Harmelen, Frank},
  title = {Web Ontology Language: OWL},
  journal = {Handbook on Ontologies},
  pages = {67--92},
  year = {2004}
}
@article{wylot2018rdf,
  author = {Wylot, Marcin and Cudré-Mauroux, Philippe and Rohde, Michael and Käfer, Tobias},
  title = {RDF Data Storage and Query Processing Schemes: A Survey},
  journal = {ACM Computing Surveys},
  volume = {51},
  number = {4},
  pages = {1--36},
  year = {2018}
}
@article{ycy2015,
  author    = {S. Yuksel and Y. Cankaya and A. Yuksel},
  title     = {An analysis of RDF storage models and query optimization techniques},
  journal   = {Procedia Computer Science},
  volume    = {59},
  pages     = {516--525},
  year      = {2015}
}

@article{harth2010sparqling,
  author    = {Andreas Harth and Stefan Decker},
  title     = {Optimized Index Structures for Querying RDF from the Web},
  journal   = {Web Semantics: Science, Services and Agents on the World Wide Web},
  volume    = {7},
  number    = {2},
  pages     = {113--130},
  year      = {2010}
}

@inproceedings{gubichev2013sparql,
  author    = {Andrey Gubichev and Thomas Neumann},
  title     = {Explaining RDF Query Results},
  booktitle = {International Conference on Management of Data (SIGMOD)},
  year      = {2013},
  pages     = {245--256}
}

@article{stahl2012rdf,
  author    = {Christoph Stahl and Gero Decker},
  title     = {Cost-based Query Optimization for SPARQL},
  journal   = {Datenbank-Spektrum},
  volume    = {12},
  number    = {1},
  pages     = {5--14},
  year      = {2012}
}

